@inproceedings{maesa2016uncovering,
  title={Uncovering the bitcoin blockchain: an analysis of the full users graph},
  author={Maesa, Damiano Di Francesco and Marino, Andrea and Ricci, Laura},
  booktitle={Data Science and Advanced Analytics (DSAA), 2016 IEEE International Conference on},
  pages={537--546},
  year={2016},
  organization={IEEE}
}

@inproceedings{maesa2016analysis,
  title={An analysis of the Bitcoin users graph: inferring unusual behaviours},
  author={Maesa, Damiano Di Francesco and Marino, Andrea and Ricci, Laura},
  booktitle={International Workshop on Complex Networks and their Applications},
  pages={749--760},
  year={2016},
  organization={Springer}
}

@article{maesa2017data,
  title={Data-driven analysis of Bitcoin properties: exploiting the users graph},
  author={Maesa, Damiano Di Francesco and Marino, Andrea and Ricci, Laura},
  journal={International Journal of Data Science and Analytics},
  pages={1--18},
  year={2017},
  publisher={Springer}
}

@article{maesa2017detecting,
  title={Detecting artificial behaviours in the Bitcoin users graph},
  author={Maesa, Damiano Di Francesco and Marino, Andrea and Ricci, Laura},
  journal={Online Social Networks and Media},
  volume={3},
  pages={63--74},
  year={2017},
  publisher={Elsevier}
}

@article{Harmonic,
  title={Axioms for centrality},
  author={Boldi, Paolo and Vigna, Sebastiano},
  journal={Internet Mathematics},
  volume={10},
  number={3-4},
  pages={222--262},
  year={2014},
  publisher={Taylor \& Francis}
}

@article{YellowPaper,
  title={Ethereum: A secure decentralised generalised transaction ledger},
  author={Wood, Gavin},
  journal={Ethereum project yellow paper},
  volume={151},
  pages={1--32},
  year={2014}
}

@inproceedings{WebGraph,
  title={The webgraph framework I: compression techniques},
  author={Boldi, Paolo and Vigna, Sebastiano},
  booktitle={Proceedings of the 13th international conference on World Wide Web},
  pages={595--602},
  year={2004},
  organization={ACM}
}

@article{ethereumWhitePaper,
  title={A next-generation smart contract and decentralized application platform},
  author={Buterin, Vitalik and others},
  journal={white paper},
  year={2014}
}

@article{bitcoinWhitePaper,
  title={Bitcoin: A peer-to-peer electronic cash system},
  author={Nakamoto, Satoshi},
  year={2008},
  publisher={Working Paper}
}

@misc{EthereumHomestead,
  title = {Ethereum Virtual Machine },
  howpublished = {\url{http://ethdocs.org/en/latest/introduction/what-is-ethereum.html#ethereum-virtual-machine}},
  note = {[Consultato il giorno: 23-08-2018]}
}

@misc{sviluppatoriEthereum,
  title = {Ethereum has massive potential: Blockchain expert William Mougayar },
  howpublished = {\url{https://www.cnbc.com/2017/06/23/ethereum-has-massive-potential-blockchain-expert-william-mougayar.html}},
  note = {[Consultato il giorno: 21-08-2018]}
}

@misc{progettiEthereum,
  title = {94 Out of Top 100 Blockchain Projects are Built on Ethereum },
  howpublished = {\url{https://www.ccn.com/94-out-of-top-100-blockchain-projects-are-built-on-ethereum/}},
  note = {[Consultato il giorno: 21-08-2018]}
}

@misc{RLP,
  title = {Ethereum Wiki - RLP },
  howpublished = {\url{https://github.com/ethereum/wiki/wiki/RLP}},
  note = {[Consultato il giorno: 10-07-2018]}
}

@misc{RLPGitHub,
  title = {Ethereum JS },
  howpublished = {\url{https://github.com/ethereumjs/rlp}},
  note = {[Consultato il giorno: 30-07-2018]}
}

@misc{BloomFilter,
  title = {Bloom filters in Ethereum },
  howpublished = {\url{http://www.badykov.com/ethereum/2017/10/29/ethereum-bloom-filter/}},
  note = {[Consultato il giorno: 17-07-2018]}
}

@misc{Web3JS,
  title = {Web3JS - Ethereum JavaScript API },
  howpublished = {\url{https://github.com/ethereum/web3.js/}},
  note = {[Consultato il giorno: 31-07-2018]}
}

@misc{Byzantium,
  title = {Byzantium Hard Fork Announcement },
  year={2017},
  howpublished = {\url{https://blog.ethereum.org/2017/10/12/byzantium-hf-announcement/}},
  note = {[Consultato il giorno: 01-08-2018]}
}

@misc{EthereumJ,
  title = {EthereumJ - Ethereum pure Java implementation },
  howpublished = {\url{https://github.com/ethereumj/ethereumj}},
  note = {[Consultato il giorno: 03-07-2018]}
}

@misc{goEthereum,
  title = {Go Ethereum - Official Go implementation of the Ethereum protocol },
  howpublished = {\url{https://github.com/ethereum/go-ethereum}},
  note = {[Consultato il giorno: 03-08-2018]}
}

@misc{GoLang,
  title = {The Go Programming Language },
  howpublished = {\url{https://golang.org/}},
  note = {[Consultato il giorno: 03-08-2018]}
}

@misc{LevelDB,
  title = {LevelDB is a fast key-value storage library written at Google that provides an ordered mapping from string keys to string values. },
  howpublished = {\url{https://github.com/google/leveldb}},
  note = {[Consultato il giorno: 06-08-2018]}
}

@book{Lin,
  title={Foundations of social research},
  author={Lin, Nan},
  year={1976},
  publisher={McGraw-Hill Companies}
}

@misc{Etherscan,
  title = {Etherscan },
  howpublished = {\url{https://etherscan.io}},
  note = {[Consultato il giorno: 27-08-2018]}
}

@misc{Seaborn,
  title = {Seaborn: statistical data visualization },
  howpublished = {\url{https://seaborn.pydata.org}},
  note = {[Consultato il giorno: 26-08-2018]}
}

@misc{MatPlotLib,
  title = {MatPlotLib },
  howpublished = {\url{https://matplotlib.org}},
  note = {[Consultato il giorno: 26-08-2018]}
}

@misc{Poloniex,
  title = {Poloniex },
  howpublished = {\url{https://poloniex.com/exchange#btc_eth}},
  note = {[Consultato il giorno: 30-08-2018]}
}

@misc{Cypherpunk,
  title = {Cypherpunk mailing list },
  howpublished = {\url{https://mailing-list-archive.cryptoanarchy.wiki}},
  note = {[Consultato il giorno: 30-06-2018]}
}

@misc{MerklePatriciaTree,
  title = {Merkle Patricia Tree },
  howpublished = {\url{https://github.com/ethereum/wiki/wiki/Patricia-Tree}},
  note = {[Consultato il giorno: 20-08-2018]}
}

@misc{JSONRPC,
  title = {JSON Remote Procedure Call },
  howpublished = {\url{https://github.com/ethereum/wiki/wiki/JSON-RPC}},
  note = {[Consultato il giorno: 03-08-2018]}
}

